<record><leader>00000cas a22000007a 4500</leader><controlfield tag="001">18386540</controlfield><controlfield tag="008">880822d19681974ohuwr ne      0    0eng d</controlfield><datafield ind1=" " ind2=" " tag="010"><subfield code="a">sn 88077721 </subfield></datafield><datafield ind1=" " ind2=" " tag="040"><subfield code="a">ONP</subfield><subfield code="b">eng</subfield><subfield code="c">ONP</subfield><subfield code="d">OCLCQ</subfield></datafield><datafield ind1=" " ind2=" " tag="042"><subfield code="a">msc</subfield></datafield><datafield ind1="0" ind2="4" tag="245"><subfield code="a">The Worthington spectator.</subfield></datafield><datafield ind1="3" ind2="0" tag="246"><subfield code="a">Community times (North ed.)</subfield></datafield><datafield ind1=" " ind2=" " tag="260"><subfield code="a">Worthington, Ohio :</subfield><subfield code="b">Gibralter Pub. Co.,</subfield><subfield code="c">-1974.</subfield></datafield><datafield ind1=" " ind2=" " tag="310"><subfield code="a">Weekly</subfield></datafield><datafield ind1="1" ind2=" " tag="362"><subfield code="a">Began in 1968.</subfield></datafield><datafield ind1="0" ind2=" " tag="362"><subfield code="a">-v. 1, no. 42 (Dec. 31, 1974).</subfield></datafield><datafield ind1=" " ind2=" " tag="500"><subfield code="a">Published as: Community times (North ed.), Mar. 13, 1974-Dec. 31, 1974.</subfield></datafield><datafield ind1=" " ind2=" " tag="588"><subfield code="a">Description based on: Vol. 8, no. 8 (May 5, 1971).</subfield></datafield><datafield ind1=" " ind2=" " tag="752"><subfield code="a">United States</subfield><subfield code="b">Ohio</subfield><subfield code="c">Franklin</subfield><subfield code="d">Worthington.</subfield></datafield><datafield ind1=" " ind2=" " tag="752"><subfield code="a">United States</subfield><subfield code="b">Ohio</subfield><subfield code="c">Franklin</subfield><subfield code="d">Columbus.</subfield></datafield><datafield ind1="0" ind2="0" tag="780"><subfield code="t">Worthington-north metro spectator</subfield><subfield code="w">(DLC)sn 88077720</subfield></datafield></record>